@Manual{R-base,
  title = {R: A Language and Environment for Statistical Computing},
  author = {{R Core Team}},
  organization = {R Foundation for Statistical Computing},
  address = {Vienna, Austria},
  year = {2019},
  url = {https://www.R-project.org/},
}
@Manual{R-bayesplot,
  title = {bayesplot: Plotting for Bayesian Models},
  author = {Jonah Gabry and Tristan Mahr},
  year = {2019},
  note = {R package version 1.7.0},
  url = {https://CRAN.R-project.org/package=bayesplot},
}
@Manual{R-bookdown,
  title = {bookdown: Authoring Books and Technical Documents with R Markdown},
  author = {Yihui Xie},
  year = {2019},
  note = {R package version 0.15},
  url = {https://CRAN.R-project.org/package=bookdown},
}
@Manual{R-brms,
  title = {brms: Bayesian Regression Models using 'Stan'},
  author = {Paul-Christian Bürkner},
  year = {2019},
  note = {R package version 2.10.0},
  url = {https://CRAN.R-project.org/package=brms},
}
@Manual{R-citr,
  title = {citr: RStudio Add-in to Insert Markdown Citations},
  author = {Frederik Aust},
  year = {2019},
  note = {R package version 0.3.2},
  url = {https://CRAN.R-project.org/package=citr},
}
@Manual{R-dplyr,
  title = {dplyr: A Grammar of Data Manipulation},
  author = {Hadley Wickham and Romain François and Lionel Henry and Kirill Müller},
  year = {2019},
  note = {R package version 0.8.3},
  url = {https://CRAN.R-project.org/package=dplyr},
}
@Manual{R-DT,
  title = {DT: A Wrapper of the JavaScript Library 'DataTables'},
  author = {Yihui Xie and Joe Cheng and Xianying Tan},
  year = {2019},
  note = {R package version 0.6},
  url = {https://CRAN.R-project.org/package=DT},
}
@Manual{R-extraDistr,
  title = {extraDistr: Additional Univariate and Multivariate Distributions},
  author = {Tymoteusz Wolodzko},
  year = {2019},
  note = {R package version 1.8.11},
  url = {https://CRAN.R-project.org/package=extraDistr},
}
@Manual{R-gdtools,
  title = {gdtools: Utilities for Graphical Rendering},
  author = {David Gohel and Hadley Wickham and Lionel Henry and Jeroen Ooms},
  year = {2019},
  note = {R package version 0.2.1},
  url = {https://CRAN.R-project.org/package=gdtools},
}
@Manual{R-ggplot2,
  title = {ggplot2: Create Elegant Data Visualisations Using the Grammar of Graphics},
  author = {Hadley Wickham and Winston Chang and Lionel Henry and Thomas Lin Pedersen and Kohske Takahashi and Claus Wilke and Kara Woo and Hiroaki Yutani},
  year = {2019},
  note = {R package version 3.2.1},
  url = {https://CRAN.R-project.org/package=ggplot2},
}
@Manual{R-htmlwidgets,
  title = {htmlwidgets: HTML Widgets for R},
  author = {Ramnath Vaidyanathan and Yihui Xie and JJ Allaire and Joe Cheng and Kenton Russell},
  year = {2018},
  note = {R package version 1.3},
  url = {https://CRAN.R-project.org/package=htmlwidgets},
}
@Manual{R-knitr,
  title = {knitr: A General-Purpose Package for Dynamic Report Generation in R},
  author = {Yihui Xie},
  year = {2019},
  note = {R package version 1.25},
  url = {https://CRAN.R-project.org/package=knitr},
}
@Manual{R-MASS,
  title = {MASS: Support Functions and Datasets for Venables and Ripley's MASS},
  author = {Brian Ripley},
  year = {2019},
  note = {R package version 7.3-51.4},
  url = {https://CRAN.R-project.org/package=MASS},
}
@Manual{R-miniUI,
  title = {miniUI: Shiny UI Widgets for Small Screens},
  author = {Joe Cheng},
  year = {2018},
  note = {R package version 0.1.1.1},
  url = {https://CRAN.R-project.org/package=miniUI},
}
@Manual{R-purrr,
  title = {purrr: Functional Programming Tools},
  author = {Lionel Henry and Hadley Wickham},
  year = {2019},
  note = {R package version 0.3.2},
  url = {https://CRAN.R-project.org/package=purrr},
}
@Manual{R-Rcpp,
  title = {Rcpp: Seamless R and C++ Integration},
  author = {Dirk Eddelbuettel and Romain Francois and JJ Allaire and Kevin Ushey and Qiang Kou and Nathan Russell and Douglas Bates and John Chambers},
  year = {2019},
  note = {R package version 1.0.2},
  url = {https://CRAN.R-project.org/package=Rcpp},
}
@Manual{R-readr,
  title = {readr: Read Rectangular Text Data},
  author = {Hadley Wickham and Jim Hester and Romain Francois},
  year = {2018},
  note = {R package version 1.3.1},
  url = {https://CRAN.R-project.org/package=readr},
}
@Manual{R-rmarkdown,
  title = {rmarkdown: Dynamic Documents for R},
  author = {JJ Allaire and Yihui Xie and Jonathan McPherson and Javier Luraschi and Kevin Ushey and Aron Atkins and Hadley Wickham and Joe Cheng and Winston Chang and Richard Iannone},
  year = {2019},
  note = {R package version 1.16},
  url = {https://CRAN.R-project.org/package=rmarkdown},
}
@Manual{R-rstan,
  title = {rstan: R Interface to Stan},
  author = {Jiqiang Guo and Jonah Gabry and Ben Goodrich},
  year = {2019},
  note = {R package version 2.19.2},
  url = {https://CRAN.R-project.org/package=rstan},
}
@Manual{R-servr,
  title = {servr: A Simple HTTP Server to Serve Static Files or Dynamic Documents},
  author = {Yihui Xie},
  year = {2019},
  note = {R package version 0.15},
  url = {https://CRAN.R-project.org/package=servr},
}
@Manual{R-StanHeaders,
  title = {StanHeaders: C++ Header Files for Stan},
  author = {Ben Goodrich and Andrew Gelman and Bob Carpenter and Matt Hoffman and Daniel Lee and Michael Betancourt and Marcus Brubaker and Jiqiang Guo and Peter Li and Allen Riddell and Marco Inacio and Mitzi Morris and Jeffrey Arnold and Rob Goedman and Brian Lau and Rob Trangucci and Jonah Gabry and Alp Kucukelbir and Robert Grant and Dustin Tran and Michael Malecki and Yuanjun Gao},
  year = {2019},
  note = {R package version 2.18.1-10},
  url = {https://CRAN.R-project.org/package=StanHeaders},
}
@Manual{R-webshot,
  title = {webshot: Take Screenshots of Web Pages},
  author = {Winston Chang},
  year = {2018},
  note = {R package version 0.5.1},
  url = {https://CRAN.R-project.org/package=webshot},
}
@Manual{R-tidyr,
  title = {tidyr: Tidy Messy Data},
  author = {Hadley Wickham and Lionel Henry},
  year = {2019},
  note = {R package version 1.0.0},
  url = {https://CRAN.R-project.org/package=tidyr},
}
@Article{R-RefManageR,
  author = {Mathew William McLean},
  title = {RefManageR: Import and Manage BibTeX and BibLaTeX References in R},
  journal = {The Journal of Open Source Software},
  year = {2017},
  doi = {10.21105/joss.00338},
}
@Manual{R-bibtex,
  title = {bibtex: Bibtex Parser},
  author = {Romain Francois},
  year = {2017},
  note = {R package version 0.4.2},
  url = {https://CRAN.R-project.org/package=bibtex},
}
@Manual{R-tictoc,
  title = {tictoc: Functions for timing R scripts, as well as implementations of
Stack and List structures.},
  author = {Sergei Izrailev},
  year = {2014},
  note = {R package version 1.0},
  url = {https://CRAN.R-project.org/package=tictoc},
}
@Manual{R-gridExtra,
  title = {gridExtra: Miscellaneous Functions for "Grid" Graphics},
  author = {Baptiste Auguie},
  year = {2017},
  note = {R package version 2.3},
  url = {https://CRAN.R-project.org/package=gridExtra},
}
